@online{DocumentationTypeScriptJavaScript,
  title = {Documentation - {{TypeScript}} for {{JavaScript Programmers}}},
  url = {https://www.typescriptlang.org/docs/handbook/typescript-in-5-minutes.html},
  urldate = {2023-01-14},
  abstract = {Learn how TypeScript extends JavaScript},
  langid = {english},
  file = {/Users/duongtat/Zotero/storage/CRHXCVYD/typescript-in-5-minutes.html}
}

@book{vanderkamEffectiveTypeScript622019,
  title = {Effective {{TypeScript}}: 62 Specific Ways to Improve Your {{TypeScript}}},
  shorttitle = {Effective {{TypeScript}}},
  author = {Vanderkam, Dan},
  date = {2019},
  edition = {First edition},
  publisher = {{O'Reilly Media}},
  location = {{Beijing [China] ; Sebastopol, CA}},
  isbn = {978-1-4920-5374-3},
  pagetotal = {243},
  keywords = {Application software,Development,TypeScript (Computer program language),Web applications}
}
